@article{DLima2022,
  author = {D'Lima, Walter and et al.},
  title = {COVID-19 and housing market effects: Evidence from U.S. shutdown orders},
  journal = {Real Estate Economics},
  year = {2022},
  volume = {50},
  number = {2},
  pages = {303-339}
}


@article{FuNijman2020,
  author = {Fu, Xinyu, & Nihjman, Jan},
  title = {Sea level rise, homeownership, and residential real estate markets in south florida},
  journal = {The Professional Geographer},
  year = {2020},
  volume = {73},
  number = {1},
  pages = {62-71}
}

@article{LiChuanrong2021,
  author = {Li, Xinba, & Chuanrong, Zhang},
  title = {Did the COVID-19 pandemic crisis affect housing prices evenly in the U.S.?},
  journal = {Sustainability},
  year = {2021},
  volume = {13},
  number = {21},
  pages = {1-28}
}


@article{Miller2024,
  author = {Miller, Kennedy},
  title = {Palm Beach County home prices hit a new record high ahead of summer real estate slow down},
  journal = {The Palm Beach Post},
  year = {2024},
}


@article{Wen2022,
  author = {Wen, Yijia and et al.},
  title = {Commercial real estate market at a crossroads: The impact of COVID-19 and the implications to future cities},
  journal = {Sustainability},
  year = {2022},
  volume = {14},
  number = {19},
  pages = {1-16}
}